@phdthesis{ hajjar,
  TITLE = {{Self-Organizing Maps for the clustering of mixed feature-type symbolic data, of interval-valued data and of binned data}},
  AUTHOR = {Hajjar, Chantal Saad},
  URL = {https://tel.archives-ouvertes.fr/tel-01142849},
  NUMBER = {2014SUPL0066},
  SCHOOL = {{Sup{\'e}lec}},
  YEAR = {2014},
  MONTH = Feb,
  KEYWORDS = {Binned Data ; Self-Organizing Maps ; Clustering ; Symbolic Data ; Interval-valued data ; Cartes auto-organisatrices ; Classification non supervis{\'e}e ; Donn{\'e}es symboliques ; Donn{\'e}es de type intervalle ; Donn{\'e}es discr{\'e}tis{\'e}es},
  TYPE = {Theses},
  PDF = {https://tel.archives-ouvertes.fr/tel-01142849/file/Hajjar_Chantal_doctorat_Final.pdf},
  HAL_ID = {tel-01142849},
  HAL_VERSION = {v1},
}
